@misc{kenton_2021, 
    title = {What Is the Pearson Coefficient?}, 
    url={https://www.investopedia.com/terms/p/pearsoncoefficient.asp}, 
    journal={Investopedia}, 
    publisher={Investopedia}, 
    author={Kenton, Will}, 
    year={2021}, 
    month={May}}}

@misc{spearman_guide, 
    title={Spearman's Rank-Order Correlation}, 
    url={https://statistics.laerd.com/statistical-guides/spearmans-rank-order-correlation-statistical-guide         .php}, 
    publisher={Lund Research Ldt}, 
    year={2018}}
 
@misc{pearson_spearman_comparison, 
    title={A comparison of the Pearson and Spearman correlation methods}, 
    url={https://support.minitab.com/en-us/minitab-express/1/help-and-how-to/modeling-statistics/regression       /supporting-topics/basics/a-comparison-of-the-pearson-and-spearman-correlation-methods/}, 
    journal={Minitab Express}, 
    year={2019}}
 
@misc{gif_2015, 
    title ={giphy},
    publisher={giphy.com}, 
    url={https://media.giphy.com/media/11sBLVxNs7v6WA/giphy.gif},
    year={2015}}


